2600 3349
263 833 488 920 Menda
517 874 816 921 librariorum
852 887 913 920 ex
946 880 1160 923 veterum
1193 874 1376 934 scriptis
1411 872 1578 920 tollere
1613 888 1698 933 per
1732 870 2026 918 Academicae
2061 872 2327 933 scriptionis

261 967 662 1022 opportunitatem
708 970 758 1009 et
797 970 937 1009 antea
976 963 1137 1013 studui
1180 969 1228 1008 et
1273 968 1398 1010 nunc
1430 964 1556 1010 idem
1591 961 1749 1009 facere
1793 961 2033 1023 ingredior
2066 968 2116 1007 et
2146 963 2332 1023 saepius,

261 1055 454 1113 opinor,
505 1053 702 1114 posthac
734 1055 861 1101 idem
894 1053 1132 1101 scribendi
1164 1044 1497 1116 argumentum
1525 1069 1726 1100 sumam.
1800 1051 1888 1098 Est
1923 1053 2053 1100 enim
2084 1053 2328 1112 eiusmodi,

260 1145 386 1204 quod
422 1143 737 1203 particulatim
783 1146 975 1191 tractari
1021 1145 1170 1204 possit
1213 1141 1430 1205 factaque
1461 1144 1812 1190 intermissione
1858 1144 1994 1190 statis
2038 1142 2331 1204 temporibus

259 1234 436 1292 repeti3
498 1240 546 1277 et
580 1249 724 1294 quum
758 1234 905 1279 multa
936 1233 1054 1280 mihi
1095 1233 1236 1279 huius
1272 1235 1456 1294 generis
1489 1235 1688 1278 materia
1730 1248 1793 1278 ex
1835 1232 2073 1294 fiequenti
2114 1240 2331 1279 veterum

258 1329 671 1368 monumentorum
707 1323 985 1370 tractatione
1018 1322 1214 1369 collecta
1249 1325 1308 1368 sit
1340 1329 1389 1368 et
1422 1322 1622 1369 subinde
1655 1329 1859 1381 crescat,
1922 1321 2051 1368 nulla
2083 1329 2154 1368 est
2195 1338 2333 1369 com-

260 1413 444 1457 modior
476 1414 551 1458 via
585 1428 687 1458 eam
720 1409 821 1458 sine
853 1412 949 1459 ulla
984 1413 1244 1459 alienorum
1289 1413 1578 1459 admixtione
1613 1414 1674 1458 ad
1719 1427 1854 1458 usum
1901 1427 2090 1471 eorum,
2143 1413 2237 1473 >qui
2279 1413 2330 1457 in

258 1502 422 1545 iisdem
448 1504 764 1548 monumentis
798 1509 1098 1563 occupantur,
1131 1502 1394 1562 promendi,
1428 1517 1567 1563 quam
1593 1501 1696 1547 haec
1719 1501 1978 1547 secundum
2001 1502 2255 1561 scriptores
2281 1507 2332 1546 et

257 1590 415 1649 libros,
438 1592 498 1636 ad
519 1607 633 1653 quos
654 1593 874 1652 pertinet,
892 1593 1115 1652 disposita
1138 1572 1224 1651 per
1248 1592 1481 1652 quandam
1506 1593 1678 1637 seriem
1698 1590 1966 1651 explicatio,
1990 1590 2107 1637 mihi
2123 1592 2333 1652 praeser-

258 1684 357 1739 tim,
389 1683 468 1742 qui
489 1682 548 1727 ab
574 1683 856 1728 editionibus
879 1689 1092 1729 veterum
1117 1684 1400 1742 scriptorum
1422 1683 1640 1728 curandis
1663 1681 2189 1744 voluntate-studiisqve
2210 1681 2334 1728 alie-

255 1788 343 1818 nus
368 1772 456 1818 sim
491 1777 539 1817 et
569 1771 628 1818 ab
671 1778 868 1818 externo
904 1772 1006 1818 eius
1040 1772 1111 1819 rei
1145 1771 1459 1818 instrumento
1501 1778 1712 1818 remotus
1747 1787 1835 1819 nec
1869 1771 2124 1835 quidquam
2169 1770 2325 1818 minus

259 1861 554 1920 probandum
597 1862 646 1905 in
675 1859 824 1906 literis
858 1860 1151 1921 philologieis
1195 1866 1382 1919 putem,
1448 1875 1585 1921 quam
1628 1862 1887 1907 editionum
1903 1895 1917 1919 ,
1979 1877 2085 1923 quae
2128 1859 2330 1923 singulae

258 1934 419 2036 exigas
447 1949 624 2011 aliquid
655 1952 836 2011 proprii
877 1949 1053 1996 habere
1096 1949 1369 2017 videantur,
1430 1949 1825 1996 inconsideratam
1870 1948 2354 2019 multiplicationem3

257 2042 465 2086 Omnino
498 2039 660 2084 sedula
705 2040 905 2100 quadam
936 2045 984 2083 et
1026 2038 1121 2083 late
1154 2037 1260 2083 fusa
1294 2019 1459 2082 eadem
1494 2054 1549 2082 ac
1595 2039 1854 2085 desultoria
1884 2048 1934 2085 et
1971 2042 2128 2095 inani,
2177 2048 2232 2086 ut
2263 2021 2345 2085 ita·

255 2133 429 2188 dicam,
461 2128 731 2175 velitatione
765 2129 927 2174 critica
960 2129 1154 2178 minime
1179 2126 1411 2185 delector,
1444 2128 1520 2173 cui
1548 2144 1609 2173 ne
1642 2129 1936 2184 immisceat,
1968 2130 2035 2176 ita
2067 2129 2242 2189 vitabo,
2274 2137 2330 2176 ut

257 2223 399 2265 etiam
430 2220 546 2265 vitio
579 2219 696 2265 mihi
726 2220 828 2264 dari
859 2217 998 2264 facile
1031 2233 1254 2277 passurus
1285 2219 1372 2263 sim
1386 2251 1400 2275 ‚
1431 2218 1558 2278 quod
1592 2219 1692 2264 eius
1727 2217 1805 2264 hic
1832 2218 1930 2266 illic
1964 2219 2146 2268 nullam
2176 2222 2329 2267 ratio-

254 2325 362 2356 nem
396 2309 655 2355 habuerim.
733 2309 832 2354 Nec
861 2307 979 2353 libet
1008 2307 1099 2352 hoc
1130 2307 1236 2352 loco
1266 2309 1535 2369 exquirere,
1600 2324 1738 2368 quam
1774 2324 1876 2354 rem
1909 2310 1983 2355 his
2013 2311 2129 2370 ipsis
2161 2309 2327 2356 diebus

256 2400 388 2459 attigi
431 2404 595 2443 nostro
648 2413 892 2452 sermone,
949 2379 1176 2459 quantum
1221 2412 1387 2457 parum
1424 2395 1682 2445 enucleatae
1731 2398 1944 2459 quaedam
1993 2399 2236 2459 opiniones
2278 2406 2327 2444 et

255 2487 587 2534 declamatorie
626 2494 866 2534 exornatae
909 2487 968 2533 de
1016 2487 1242 2548 dignitate
1285 2492 1335 2532 et
1367 2487 1413 2533 vi
1441 2488 1740 2548 antiquarum
1787 2486 2032 2534 literarum
2066 2489 2116 2534 in
2147 2494 2325 2535 nostrae

255 2578 405 2624 aetatis
462 2577 559 2621 vita
605 2582 653 2620 et
708 2575 857 2622 literis
915 2591 1172 2638 earumque
1216 2578 1267 2621 in
1318 2575 1491 2622 scholis
1539 2576 1645 2621 loco
1660 2610 1673 2635 ,
1740 2578 1791 2623 in
1849 2592 1963 2637 quas
2018 2577 2162 2622 etiam
2201 2593 2331 2624 non-

255 2666 395 2724 nulli,
440 2666 571 2726 quasi
603 2665 719 2710 nihil
765 2666 965 2712 nimium
1000 2680 1101 2711 esse
1134 2668 1282 2726 possit
1323 2667 1374 2712 in
1399 2665 1621 2731 salutari,
1672 2673 1728 2711 ut
1760 2664 2048 2727 loquuntur,
2112 2673 2326 2714 veterum

254 2744 590 2817 exemplarium
615 2755 907 2813 tractatione,
936 2754 1146 2802 criticam
1175 2753 1398 2814 inferunt,
1434 2753 1524 2800 hoc
1550 2760 1638 2811 est,
1672 2755 2059 2801 exercitationem
2092 2755 2153 2802 de
2184 2756 2325 2802 rebus

253 2862 421 2908 parum
453 2846 709 2907 perspectis
741 2844 1001 2904 iudicandi,
1066 2851 1115 2891 et
1146 2845 1256 2892 inde
1288 2851 1391 2890 orta
1422 2859 1566 2905 prava
1597 2844 1813 2905 quaedam
1846 2845 2111 2892 studiorum
2140 2846 2201 2892 ad
2233 2861 2326 2892 an-

2025 2937 2068 2971 με
