2600 3349
325 227 360 279 6

252 365 375 411 idem
411 362 764 409 incommodum
799 376 827 406 a
854 360 1043 423 reliquis
1076 374 1172 405 non
1205 360 1579 412 animadversum
1614 359 1778 408 tollere
1806 361 2020 422 volebat,
2079 363 2324 426 Zumptius

250 450 317 500 ita
348 453 539 512 reiecit,
596 458 651 498 ut
676 452 958 498 sententiam
989 465 1050 497 ne
1083 464 1192 495 eum
1225 450 1429 512 quidem·
1446 453 1739 513 perspexisse
1772 457 1944 513 pateat.
2010 451 2178 499 Testes
2212 455 2326 500 dicit

252 557 355 589 esse
389 550 438 589 et
469 542 758 588 accusatoris
784 546 832 584 et
860 541 943 584 rei.
1040 538 1105 584 At
1136 540 1206 584 rei
1237 547 1349 584 sunt
1382 547 1551 599 testes,
1620 543 1700 603 qui
1731 542 1792 587 ab
1814 557 1885 586 -eo
1915 556 2005 601 pro
2046 556 2130 587 sua
2161 559 2325 588 caussa

253 634 611 692 producuntur3
645 631 723 690 qui
754 631 899 688 igitur
932 631 1025 674 dici
1058 635 1227 688 potest,
1260 629 1407 674 nihilo
1437 630 1730 689 apertiorem
1749 630 1854 676 fore
1875 630 2108 690 fraudem,
2140 634 2326 677 etiamsi

252 735 365 765 reus
398 736 494 765 uno
527 721 680 764 minus
712 724 833 762 teste
864 719 924 762 ad
957 733 1007 762 se
1040 716 1386 763 defendendum
1420 716 1617 764 utatur?
1668 734 1756 764 nec
1786 718 2010 764 Habonio
2043 726 2164 765 teste
2194 720 2325 766 Ver·—

253 826 330 854 res
363 824 471 853 usus
507 814 599 864 est,
643 808 728 851 sed
759 809 872 851 eius·
892 807 1155 865 silentium,
1196 823 1258 853 ne
1289 823 1316 851 a
1346 807 1575 853 Cicerone
1605 807 1971 867 produceretur,
2024 810 2164 868 emit3
2196 825 2323 855 ‚nam

253 913 348 943 uno
382 897 542 943 minus
575 903 695 942 teste
728 894 905 943 habere
933 895 1107 960 (reum)
1140 912 1237 944 non
1271 911 1376 945 esse
1407 909 1504 942 uno
1535 894 1695 944 minus
1727 904 1846 944 teste
1873 904 2036 947 contra
2069 911 2120 945 se
2140 895 2320 945 habere

251 988 397 1050 (quod
431 1003 492 1033 ne
524 987 697 1032 dicitur
730 987 918 1048 quidem
947 985 1163 1047 usitate),
1197 1001 1292 1032 uno
1324 985 1486 1031 minus
1518 994 1639 1032 teste
1669 988 1901 1049 coargui,
1934 989 2179 1049 Zumptius
2210 1002 2321 1033 cer-

251 1085 326 1136 te,
391 1093 483 1139 qua
517 1083 588 1121 est
621 1078 851 1122 sermonis
884 1076 1042 1122 Latini
1079 1078 1272 1136 peritia,
1333 1092 1431 1122 non
1461 1079 1647 1137 putavit
1666 1078 1720 1140 ¹).
1762 1078 1994 1124 ⁴Similem
2030 1094 2190 1124 casum
2225 1093 2322 1123 non

251 1182 444 1226 possum
478 1182 576 1211 non
610 1167 838 1226 suspicari
870 1166 1089 1211 accidisse
1124 1168 1174 1211 in
1203 1166 1305 1212 libr.
1339 1165 1410 1222 V,
1445 1172 1501 1224 5,
1534 1175 1593 1219 11
1640 1167 1751 1230 (vid.
1780 1182 1854 1226 ep.
1886 1168 1947 1213 ad
1978 1166 2123 1215 Orell.
2156 1183 2203 1228 p.
2236 1166 2319 1227 89)

250 1264 299 1301 et
323 1257 399 1308 ΙΙΙ,
432 1264 510 1314 28,
542 1258 607 1314 69
641 1253 755 1314 (ibd.
789 1270 834 1314 p.
872 1253 968 1314 91),
1001 1269 1200 1316 quorum
1236 1254 1445 1301 locorum
1480 1255 1683 1303 alterum
1717 1257 1777 1303 de
1808 1258 2079 1303 coniectura
2109 1259 2321 1311 mutavit,

249 1347 469 1390 obstante
491 1347 631 1389 etiam
653 1343 872 1390 Vaticani
896 1345 996 1389 cod.
1020 1360 1143 1390 nova
1163 1346 1440 1389 auctoritate
1458 1351 1508 1389 et
1527 1360 1615 1390 usu
1638 1346 1892 1403 sermonis;
1919 1361 2028 1391 nam
2051 1361 2199 1406 quam
2218 1360 2320 1390 rem

249 1437 315 1481 ita
351 1434 647 1495 adiungitur,
696 1448 752 1478 ac
794 1432 838 1479 vsi
867 1430 1071 1479 formula
1102 1435 1164 1480 sit
1199 1433 1437 1479 adversus
1469 1432 1680 1501 edictam
1703 1430 1882 1493 facere
1913 1432 2126 1496 aliquid,
2175 1423 2332 1497 quum*

247 1525 432 1570 dicatur
478 1522 692 1569 absolute
732 1522 972 1568 adversus
1008 1522 1220 1568 edictum
1258 1521 1455 1582 facere,
1523 1530 1578 1569 ut
1612 1524 1721 1569 addi
1757 1524 1949 1582 debeat,
2009 1526 2323 1584 quemadmo-

247 1614 361 1658 dum
396 1619 467 1658 est
498 1614 550 1659 in
582 1613 743 1671 codd.,
776 1619 859 1658 aut
892 1612 1120 1658 ablativus
1148 1620 1231 1658 aut
1261 1615 1546 1673 praepositio.
1612 1613 1688 1658 Ex
1718 1615 1799 1667 iis,
1831 1627 1936 1675 quse
1962 1615 2013 1659 in
2045 1612 2318 1658 Asconianis

245 1703 419 1747 nostris
464 1704 612 1747 serius
655 1703 714 1746 ad
758 1717 866 1746 eum
908 1702 1100 1761 perlatis
1140 1705 1200 1748 de
1236 1703 1350 1747 locis
1393 1702 1569 1763 aliquot
1601 1701 1830 1748 librorum
1862 1704 2122 1761 primorum
2153 1703 2322 1762 dispu-

248 1799 344 1836 tata
379 1800 515 1849 sunt,
555 1808 700 1852 quum
733 1794 790 1837 iis
826 1792 1109 1845 abstineret,
1143 1809 1246 1852 quae
1290 1808 1319 1836 a
1359 1808 1443 1837 sua
1482 1793 1663 1837 ratione
1706 1799 1755 1837 et
1795 1793 1969 1837 iudicio
2007 1792 2066 1837 de
2100 1792 2317 1838 subsidiis

249 1882 421 1926 criticis
452 1883 773 1941 discreparent
806 1887 889 1927 aut
920 1893 1088 1928 novam
1124 1880 1488 1941 disputationem
1519 1881 1838 1943 requirerent,
1877 1886 2060 1941 tamen,
2100 1881 2320 1944 quoniam

249 1967 477 2015 nonnulla
511 1970 772 2028 excerpsit,
826 1971 985 2014 nescio
1030 1984 1114 2014 cur
1156 1969 1247 2014 alia
1288 1969 1429 2013 etiam
1461 1970 1511 2013 in
1545 1970 1803 2029 appendice
1837 1972 2068 2028 omiserit,
2124 1985 2230 2029 quae
2260 1971 2321 2014 ad
2382 1997 2385 2001 -

248 2060 396 2118 ipsius
432 2058 782 2103 adnotationem
818 2058 1183 2103 confirmandam
1214 2064 1297 2102 aut
1327 2056 1637 2117 supplendam
1669 2037 1752 2103 aut
1796 2060 2123 2119 corrigendam
2166 2059 2320 2117 pern·-

246 2148 437 2193 nebant.
510 2146 656 2191 Velut
682 2148 807 2207 quod
839 2146 943 2192 Lib.
973 2147 1016 2204 Ι,
1061 2153 1146 2204 15,
1181 2155 1246 2206 39
1269 2163 1355 2206 pro
1387 2162 1485 2191 non
1512 2146 1656 2191 modo
1682 2162 1780 2192 non
1809 2147 1972 2192 existit
1999 2149 2318 2194 coniecturam

341 2383 373 2423 1)
420 2380 463 2413 Iu
490 2387 706 2415 transcursu
732 2378 908 2414 Arusiani
922 2379 1035 2415 Messi
1058 2378 1292 2414 Grammatici
1316 2379 1421 2414 locus
1444 2378 1694 2414 emendandus
1718 2385 1786 2419 est,
1810 2379 1877 2422 qui
1898 2379 1940 2411 iu
1962 2376 2049 2414 edit.
2072 2377 2316 2413 Lindemann

419 2440 545 2486 (Corp.
572 2440 734 2478 Gramm.
762 2439 842 2475 Lat.
866 2439 899 2483 I)
925 2452 961 2485 p.
987 2441 1053 2475 248
1075 2443 1127 2475 ita
1150 2439 1345 2475 scribitur:
1370 2439 1501 2476 ”Mille
1524 2439 1704 2475 librarum
1728 2445 1859 2474 mutuo
1875 2437 1989 2473 dedit.
2004 2438 2154 2474 Terent.
2174 2437 2316 2474 Heaut:

420 2503 487 2536 Cui
510 2502 767 2536 drachmarum
793 2501 872 2534 hoec
895 2502 1043 2547 argenti
1072 2502 1170 2535 mille
1195 2502 1344 2535 dederat
1367 2508 1503 2537 mutuo.
1569 2498 1645 2534 Cic.
1669 2500 1714 2534 de
1737 2499 1889 2535 Praetur.
1916 2499 2073 2534 Urbau.:
2131 2499 2256 2535 Verris
2279 2507 2316 2532 et

419 2577 488 2598 uno
512 2566 630 2598 minus
653 2570 746 2597 teste
768 2562 919 2596 haberet
943 2562 990 2596 ab
1013 2562 1150 2597 homor·
1206 2559 1393 2596 Ciceronis
1419 2562 1567 2605 locum,
1590 2571 1700 2605 quem
1724 2571 1801 2595 nou
1822 2563 2067 2601 invenerunt,
2091 2566 2192 2604 patet
2215 2559 2314 2594 huuc

421 2633 511 2658 esse,
528 2635 604 2670 quo
624 2624 670 2658 de
692 2626 847 2669 agimus,
866 2633 993 2657 verum
1012 2622 1057 2657 ad
1078 2622 1179 2656 illam
1202 2622 1462 2663 elocutionem,
1478 2625 1587 2655 cuius
1605 2621 1818 2666 exemplum
1833 2624 1999 2667 ponitur,
2022 2631 2099 2653 non
2114 2623 2311 2664 pertinere.

422 2684 495 2718 Sed
529 2690 568 2719 iu
602 2685 686 2719 cod.
709 2683 835 2718 Guels.
860 2691 944 2717 ante
963 2691 1045 2718 est:
1070 2685 1160 2721 ,hoec
1185 2689 1335 2729 argenti
1358 2684 1477 2717 minus
1498 2682 1606 2716 habet
1633 2695 1714 2718 uno.
1781 2682 1928 2717 Coaluit
1962 2681 2104 2730 duplex
2131 2681 2314 2718 elocutio:

425 2745 536 2780 altera
559 2756 643 2780 cum
669 2744 844 2790 exemplo
871 2754 940 2779 suo
966 2743 1043 2779 haee
1064 2751 1136 2779 est:
1171 2742 1298 2779 Minus
1324 2742 1436 2778 hahet
1463 2753 1552 2780 uno.
1596 2741 1670 2779 Cic.
1695 2742 1740 2778 de
1761 2742 1915 2779 Proetur.
1932 2741 2062 2776 urban.
2087 2739 2235 2775 Verris:
2262 2744 2314 2775 Ut

426 2819 495 2839 uno
521 2806 636 2838 minus
660 2813 752 2839 reste
775 2806 920 2840 haberet
943 2806 1125 2842 Habonio.
1171 2806 1272 2848 (Haec
1296 2808 1459 2839 nominis
1482 2804 1598 2840 forma
1624 2813 1661 2840 et
1681 2806 1772 2840 hine
1798 2804 2038 2840 confirmatur
2062 2810 2098 2838 et
2125 2814 2173 2838 ex
2196 2802 2317 2839 Asco-

418 2870 472 2902 nii
500 2867 588 2901 edit.
613 2869 779 2912 principe
806 2867 849 2902 ad
880 2867 908 2910 1,
934 2869 987 2908 54,
1016 2869 1109 2913 141)
