2600 3349
337 191 400 240 16

267 322 505 375 succurrit
530 319 830 374 nunclocus
860 324 1067 387 Philipp.
1097 324 1202 386 Vll,
1233 338 1274 372 c.
1305 327 1353 386 7,
1375 330 1456 386 20,
1486 320 1781 374 memoratus
1813 342 1843 375 a
1875 324 2123 387 Krarupio
2158 324 2386 390 (Observ.

196 473 200 476 ι
269 412 385 462 crit.¹
408 419 461 463 in
495 417 595 462 Cic.
629 414 713 461 lib.
751 416 896 460 dere
920 413 1053 475 publ.
1088 402 1413 469 Humi-‘1827
1442 428 1489 475 p.
1524 413 1593 476 6,)
1614 434 1622 446 ··
1643 428 1794 477 quum
1829 404 2003 462 couti-e
2030 414 2216 463 Maium
2260 418 2385 464 scri—

268 512 464 562 pturam
498 503 877 561 manusprioris
912 503 1088 546 codicis
1122 502 1231 549 Vnt.
1267 493 1431 547 in'li'b.
1459 502 1495 547 L
1526 502 1590 547 de
1620 489 1724 562 rep.
1755 506 1801 548 e.
1835 506 1869 555 7
1902 502 1964 548 ab
1998 495 2388 551 huiusmodi-se·-

271 593 449 638 eundae.
477 599 651 638 manus
697 589 968 649 corruptela
1002 596 1254 648 tueretur3·
1282 597 1290 613 ·’
1308 589 1406 635 illic
1450 605 1478 634 e
1520 585 1679 635 Vatic.
1724 579 2011 637 restitutum·
2046 599 2127 636 est·
2165 591 2383 647 monebO,

264 670 547 738 praedicam
557 712 576 734 ,
612 676 943 736 denuntiabo,
977 676 1223 732 testabor,
1252 665 1401 739 quum
1438 683 1565 723 esset
1598 684 1647 723 et
1680 664 1915 724 testabor.
1984 678 2146 727 Etiam
2183 682 2235 727 in
2269 685 2387 727 orat.

268 781 361 826 pro
393 767 496 814 Mil.
528 773 608 826 27,
641 772 710 820 74
745 768 874 828 quod
909 773 1011 812 erat
1031 766 1316 825 materiem,
1351 765 1561 825 calcem,
1594 774 1834 812 coementa
1867 774 2018 828 atque
2049 774 2220 822 arma,
2255 755 2384 828 opti-'-

272 868 463 901 morum
482 855 720 902 ¹'codicum
753 856 1026 902 auctoritati
1054 856 1212 903 cessit.
1304 853 1471 917 Itaque
1499 861 1650 902 restat
1683 862 1732 902 et
1758 862 1998 917 repugnat
2028 871 2177 916 unus,
2244 872 2388 919 quem

271 958 401 988 nunc
433 938 675 989 memoria·
702 951 894 989 teneam
906 949 934 998 ,¹
956 944 1089 989 locus
1125 945 1193 988 de·
1220 941 1357 989 Offio.
1383 943 1473 1003 111,
1502 950 1592 1002 20,
1625 950 1689 998 81
1736 950 1785 991 et
1813 944 1916 1004 ipse
1949 960 1977 990 a
2009 943 2259 1006 Krampio
2295 959 2388 991 ex·—

271 1033 473 1084 citatus,
506 1033 699 1077 ubi-‘est
729 1031 919 1093 species
931 1063 947 1086 ,
973 1030 1154 1090 forma
1188 1038 1237 1076 et
1270 1023 1406 1077 notio
1437 1030 1534 1077 viri
1568 1030 1710 1090 boni5
1770 1047 1883 1079 uam
1919 1033 2048 1094 quod
2087 1030 2271 1079 Orellio
2295 1047 2386 1080 vo·-

272 1119 444 1165 cabula
466 1117 651 1177 forma
681 1127 730 1164 et
767 1121 901 1165 notio
935 1135 1026 1179 pro
1060 1136 1158 1165 uno
1192 1121 1413 1165 membro
1457 1120 1597 1165 alteri
1628 1122 1854 1166 adiuncta
1892 1121 2156 1166 commode>
2183 1120 2388 1179 intelligi

269 1221 411 1266 posse
451 1207 702 1268 videntur,
754 1214 1075 1269 praeterquam
1111 1209 1241 1270 quod
1275 1195 1382 1254 haec
1413 1209 1520 1269 ipsa
1551 1222 1641 1269 per
1674 1209 1940 1269 asyndeton
1972 1204 2219 1269 inaequalis
2250 1200 2389 1255 com-

270 1297 448 1354 positio
471 1292 709 1343 ‘iuusitata
755 1303 854 1355 est,
912 1311 1002 1342 nec
1027 1295 1209 1355 forma
1242 1286 1294 1343 ef
1324 1296 1459 1342 notio
1493 1297 1665 1358 magis,
1733 1311 1875 1357 quam
1911 1295 2097 1357 species
2134 1303 2184 1342 et
2207 1287 2389 1354 forma

270 1385 527 1429 coniuncta
559 1392 695 1442 sunt,
742 1386 905 1430 immo
927 1386 1112 1444 minus,
1154 1400 1245 1431 nec
1279 1385 1555 1447 quidquam·
1574 1385 1699 1429 inest
1726 1389 1906 1444 praeter
1937 1385 2080 1430 unius
2110 1385 2204 1443 rei,
2244 1398 2389 1446 quam

269 1487 369 1517 uno
393 1479 442 1517 et
461 1475 661 1533 proprio
682 1473 918 1520 vocabulo
939 1473 1352 1533 comprehendere
1382 1488 1481 1519 non
1503 1477 1707 1533 poterat,
1738 1460 2226 1518 circumlocutionem.
2296 1470 2389 1518 Al-

269 1566 429 1606 terum
463 1575 525 1605 ex
557 1562 799 1621 prioribus
832 1561 1076 1610 vocabulis
1091 1595 1104 1622 ,
1136 1561 1307 1623 quibus
1337 1562 1505 1609 Cicero
1539 1576 1622 1621 ea,
1655 1575 1764 1622 quoe
1794 1559 1874 1607 hic
1906 1564 2002 1619 est,
2045 1552 2387 1621 significatione

268 1651 544 1708 prorniscue
587 1652 742 1696 utitur
751 1684 773 1710 ,.
807 1638 1072 1697 tollendum
1109 1658 1183 1697 est
1203 1651 1261 1713 ¹).
1332 1651 1522 1697 Laudat
1554 1656 1718 1696 tamen
1751 1650 2003 1709 Zumph’us
2036 1650 2087 1694 in
2122 1650 2389 1710 appendice

268 1732 452 1796 praeter
482 1736 621 1784 illum
658 1754 719 1784 ex
743 1744 868 1785 orat.
900 1738 957 1784 11·
976 1740 1028 1785 in
1053 1739 1191 1786 Catil.
1223 1738 1383 1786 locum
1413 1739 1618 1786 alterum
1654 1740 1715 1785 de
1747 1726 1936 1785 Seuect.
1969 1744 2035 1790 10
2067 1737 2235 1799 agris,
2266 1736 2388 1784 vicis

269 1831 421 1887 atque
455 1826 656 1887 oppidis
668 1841 695 1884 ,·-
751 1842 915 1874 verum
949 1828 990 1873 is
1017 1826 1149 1873 locus
1178 1843 1337 1890 neque
1369 1829 1420 1875 in
1449 1827 1532 1874 illo
1563 1826 1690 1876 libro
1723 1826 1899 1889 legitur
1933 1841 2091 1888 neque
2123 1826 2326 1886 reperiri
2360 1841 2389 1871 a

268 1928 348 1960 me
379 1915 552 1973 potuit.
621 1913 866 1959 Locorum
901 1915 961 1958 ab
994 1914 1088 1958 hoc
1121 1931 1294 1973 genere
1328 1915 1595 1959 alienorum
1641 1932 1697 1959 ac
1734 1916 1893 1972 specie
1927 1920 2115 1960 tantum
2161 1911 2388 1959 similium

269 2001 545 2061 exemplum
579 2002 719 2060 posui
752 2002 818 2046 in·
835 2001 1041 2059 append.
1064 2001 1183 2059 disp.
1205 2002 1265 2046 de
1278 1998 1452 2046 Ascon.
1487 2014 1534 2060 p.
1555 2005 1587 2052 8
1621 2001 1837 2047 Divinas.
1871 2000 1922 2045 in
1943 1999 2069 2045 Caec.
2089 2006 2168 2058 22,
2191 2003 2272 2057 72,
2306 2000 2390 2046 ubi

269 2092 354 2135 uni
388 2090 576 2134 notioni
608 2087 849 2135 rhetorice
883 2088 1037 2133 tribus
1070 2088 1230 2135 verbis
1264 2090 1368 2134 sine
1399 2089 1738 2134 coniunctione
1770 2101 2011 2147 expressae
2054 2079 2387 2143 (conservdre,

269 2175 413 2236 tueri,
446 2175 772 2240 confirmam)
792 2175 1053 2236 respondet
1084 2174 1233 2222 altera
1264 2191 1365 2223 uno
1400 2175 1749 2236 comprehensa
1772 2174 1852 2238 (ac
1875 2171 2209 2235 recuperare).
2244 2173 2385 2225 Addo

269 2267 330 2309 de
351 2265 487 2310 Orat.
511 2264 572 2325 ΙΙ,
591 2271 671 2324 38,
696 2263 794 2324 159
829 2265 915 2311 ubi
947 2266 999 2311 in
1032 2264 1107 2311 his
1142 2265 1301 2313 verbis
1337 2262 1481 2319 exile,
1506 2261 1720 2322 aridum,
1750 2260 1999 2308 concisum
2033 2254 2384 2322 ac'minulum,

267 2352 503 2412 particula
536 2354 655 2398 duas
679 2358 869 2423 tentum
905 2359 1146 2399 extremas
1179 2368 1320 2401 voces
1353 2367 1501 2398 unam
1529 2341 1788 2398 notionem
1812 2365 1841 2396 a
1873 2351 2112 2412 prioribus
2146 2353 2386 2399 diversam

273 2441 545 2500 complexas
572 2442 730 2502 iungit
740 2456 754 2500 3
802 2440 970 2485 similis
1003 2446 1102 2499 est,
1147 2455 1288 2502 quem
1322 2439 1546 2486 Handius
1575 2440 1713 2498 citat,
1745 2438 1878 2485 locus
1912 2439 1963 2486 in
1993 2439 2229 2487 Paradox.
2262 2441 2325 2499 6,ι
2347 2447 2403 2516 a,

274 2533 341 2589 49
376 2530 541 2590 signa,
576 2527 807 2584 tabulas,
842 2528 1195 2591 supellectilem
1220 2537 1268 2576 et
1287 2536 1474 2577 vestem
1492 2520 1691 2588 infinite
1717 2527 2081 2590 concupiscenti
2088 2542 2109 2586 5
2136 2511 2394 2575 coniunxit¹

367 2752 401 2792 1)
452 2748 612 2782 Victorii
648 2748 697 2781 in*
721 2760 766 2782 ea
798 2751 937 2795 specie,
986 2751 1058 2784 nisi
1092 2748 1270 2784 mendum
1296 2746 1611 2793 typographicam
1638 2753 1715 2786 est,
1763 2755 1917 2790 prorsus
1941 2756 2009 2781 nec
2034 2743 2209 2782 Latinum
2234 2751 2288 2779 est
2313 2754 2381 2779 nec

442 2818 596 2844 sensum
619 2806 742 2842 habet.
