2600 3349
309 281 341 329 4

243 416 509 479 tiquitatem
540 412 816 475 applicatio,
850 413 1005 457 animo
1038 410 1250 455 nondum
1283 411 1343 456 de
1376 411 1545 469 rebus,
1582 426 1687 471 quae
1718 427 1846 459 nunc
1878 422 2010 471 sunt,
2052 415 2110 461 de
2141 416 2312 477 linguis

243 519 505 565 earumque
538 504 720 565 legibus
755 509 803 547 et
831 517 942 559 usu,
1012 502 1071 545 de
1113 499 1260 546 literis
1289 500 1567 548 naturaliter
1600 507 1648 547 et
1678 500 1828 549 libere
1874 505 2079 551 iudicare
2125 514 2311 553 assueto

244 602 293 639 et
329 595 441 640 inde
483 595 545 641 ad
588 593 783 639 aliorum
828 597 1096 652 temporum
1143 591 1405 636 communis
1445 595 1628 637 naturae
1666 590 1899 639 diversam
1932 591 2134 642 formam
2164 597 2313 642 aciem

246 682 529 742 transferre,
579 687 828 743 quantum,
882 680 1099 740 inquam,
1149 678 1252 724 haec
1284 679 1571 739 impediant,
1614 694 1676 725 ne
1704 682 2043 742 perspiciatur,
2101 685 2224 745 quod
2255 687 2317 729 sit

244 774 492 833 proprium
526 768 752 832 philologi
786 783 953 814 munus
967 800 984 822 ,
1031 767 1166 829 quid,
1219 775 1445 829 quatenus
1478 767 1744 829 philologus
1778 772 1862 827 sit,
1915 780 2140 830 praestare
2170 776 2315 833 possit

247 869 295 907 et
329 862 521 914 debeat,
558 860 700 920 idque
733 860 889 918 ipsum
922 858 1076 901 sobrie
1109 873 1163 901 ac
1196 859 1452 917 prudenter
1487 860 1736 918 minusque
1768 859 1935 904 diffuse
1968 870 2146 921 agatur.

418 950 525 993 Hoc
552 956 767 1008 tempore
797 949 931 1008 quasi
956 948 1105 1006 spicas
1138 947 1354 1007 colligere
1375 948 1561 993 decrevi
1585 954 1633 992 et
1657 948 1717 992 ad
1740 962 1857 1006 opus
1879 949 2082 1011 aliquod,
2114 953 2163 998 in
2184 955 2313 998 cuius

246 1040 573 1084 emendatione
591 1052 744 1096 nuper
763 1052 934 1096 magna
953 1035 1080 1080 facta
1100 1043 1172 1080 est
1193 1037 1469 1095 progressio,
1490 1036 1829 1082 emendationis
1850 1039 2175 1098 supplementa
2197 1057 2316 1087 con—

246 1131 395 1188 ferre,
412 1144 525 1173 nam
537 1127 850 1172 Verrinarum
862 1126 1100 1170 Ciceronis
1124 1127 1386 1170 orationum
1407 1123 1537 1170 locos
1560 1123 1739 1186 aliquot
1757 1125 1968 1186 expolire
1984 1128 2034 1173 in
2054 1130 2210 1175 animo
2230 1137 2316 1188 est,

247 1234 361 1278 quas
384 1218 623 1262 orationes
644 1216 695 1261 C.
714 1215 772 1261 Τ.
792 1215 1050 1273 Zumptius,
1071 1215 1144 1260 vir
1166 1214 1475 1273 doctissimus,
1492 1216 1561 1260 ita
1582 1216 1834 1269 recensuit,
1856 1222 1911 1261 ut
1929 1217 2128 1263 eandem
2151 1225 2316 1265 aucto-

242 1311 433 1353 ritatem
479 1305 774 1365 eandemque
806 1304 1036 1350 rationem
1068 1309 1365 1364 sequeretur,
1438 1318 1579 1364 quam
1613 1304 1714 1364 ipse
1749 1303 1945 1363 probavi
1988 1305 2057 1368 (in
2090 1308 2222 1366 epist.
2254 1310 2313 1353 ad

231 1394 482 1441 'Oi-ellium
516 1400 565 1440 et
599 1395 649 1439 in
683 1393 997 1453 disputatione
1041 1393 1144 1437 crit.
1179 1393 1237 1437 de
1259 1390 1462 1435 Asconio
1478 1391 1688 1437 Pediano
1719 1407 1760 1436 a.
1795 1398 1923 1445 1828
1944 1392 2126 1455 editis),
2161 1397 2245 1440 scd
2267 1404 2314 1441 et

244 1485 395 1528 multo
426 1486 606 1528 maiore
634 1489 847 1527 uteretur
877 1488 1107 1539 apparatu
1139 1489 1209 1538 et,
1240 1482 1364 1541 quod
1386 1496 1474 1540 ego
1497 1487 1680 1525 tantum
1702 1482 1751 1525 in
1775 1483 1998 1527 extremis
2020 1483 2151 1529 libris
2171 1501 2317 1546 accu7

243 1575 393 1618 ratius
425 1574 474 1618 in
509 1572 756 1632 praecipuis
788 1569 902 1615 locis
937 1571 1156 1629 persequi
1188 1571 1343 1628 potui,
1387 1570 1495 1629 quia
1524 1570 1574 1614 in
1608 1568 1798 1629 reliquis
1825 1561 2191 1618 instrumentum
2218 1576 2316 1619 cri-

244 1665 392 1709 ticum
441 1661 709 1719 deficiebat,
776 1660 836 1704 ad
877 1660 1057 1720 priores
1098 1674 1283 1719 quoque
1321 1666 1371 1704 et
1415 1659 1474 1703 ad
1521 1664 1720 1703 omnem⁴
1744 1664 1929 1705 textum
1964 1658 2313 1724 transferrev).

328 1808 367 1852 ι)
416 1807 571 1841 Nitebar
592 1817 663 1850 ego
689 1818 762 1839 una
790 1805 986 1838 collatione
1012 1804 1150 1837 codicis
1174 1803 1390 1838 Parisiensis
1416 1803 1462 1838 ab
1487 1806 1616 1848 ignoto
1641 1803 1791 1838 homine
1826 1802 1922 1840 facta
1954 1813 1992 1840 et
2018 1806 2085 1847 iis,
2134 1818 2215 1851 quae
2251 1809 2314 1843 alii

413 1880 549 1913 parum
570 1868 771 1912 diligenter
794 1876 844 1899 ex
869 1863 1055 1899 similibus
1081 1862 1272 1898 codicibus
1294 1871 1543 1900 enotaverant.
1591 1862 1687 1899 Eum
1711 1863 1887 1907 codicem,
1911 1876 2024 1911 quem
2047 1869 2225 1909 omnium,
2249 1871 2314 1912 qui

415 1937 584 1964 accurate
601 1928 727 1961 collati
741 1933 840 1969 sunt,
863 1928 1071 1970 principem
1095 1936 1175 1959 esse
1198 1925 1258 1958 vel
1283 1929 1408 1959 exitus
1438 1927 1597 1960 extremi
1610 1924 1699 1960 libri
1715 1926 1888 1971 ostendit,
1909 1927 2108 1972 Zumptius
2123 1932 2174 1973 (p.
2184 1928 2316 1963 XVIII

417 1998 454 2023 et
470 1989 606 2033 XXII)
631 1999 716 2022 eum
739 1997 819 2020 esse
845 1994 962 2031 putat,
986 1989 1053 2029 qui
1076 1996 1176 2019 nunc
1195 1988 1237 2019 in
1259 1984 1488 2020 bibliotheca
1513 1989 1616 2029 regia
1628 1985 1825 2021 Pannum.
1852 1987 1941 2033 7774
1962 1986 1998 2021 A
2013 1994 2172 2030 notatur,
2195 1989 2315 2024 idem-

418 2059 493 2094 que
520 2050 726 2092 suspicatus
748 2053 801 2080 est
828 2048 966 2079 amicus
988 2055 1116 2086 meus,
1152 2044 1318 2089 Krarup,
1350 2047 1417 2088 qui
1439 2044 1555 2078 huius
1584 2048 1703 2090 ipsius
1728 2045 1867 2079 codicis
1892 2047 2128 2082 collationem
2149 2060 2169 2082 a
2193 2059 2231 2082 se
2254 2049 2313 2083 sa—

417 2120 514 2146 ctam
537 2119 683 2143 meeum
709 2109 1014 2145 communicavit3
1063 2115 1253 2138 assensum
1276 2108 1317 2138 iu
1343 2107 1556 2139 coniectura
1580 2112 1654 2139 tam
1677 2103 1884 2150 probabili,
1917 2112 1961 2140 ut
1982 2107 2082 2141 ultro
2107 2118 2147 2143 se
2174 2107 2313 2151 offerat,

415 2176 554 2207 retinet
579 2177 616 2204 et
641 2167 796 2202 dubium
829 2166 940 2208 facit,
982 2165 1084 2211 quod
1108 2176 1184 2199 non
1208 2166 1330 2199 solum
1353 2164 1501 2210 Krarup
1524 2167 1705 2201 nonnulla
1726 2168 1891 2211 notavit,
1931 2177 2012 2211 quae
2034 2169 2075 2201 in
2098 2166 2209 2205 altera
2234 2171 2314 2205 col·-

412 2235 555 2268 latioue
580 2241 656 2264 non
681 2235 790 2270 sunt,
840 2227 904 2262 sed
936 2230 976 2261 iu
1008 2226 1078 2260 hae
1102 2236 1253 2270 quoque
1277 2234 1363 2260 suut
1386 2226 1589 2268 nonnulla,
1640 2238 1720 2272 quae
1743 2225 1842 2271 apud
1865 2225 2094 2273 Krarupium
2118 2240 2193 2264 non
2218 2239 2313 2271 sunt,

414 2297 523 2329 cuius
548 2302 726 2326 summam
750 2290 978 2332 diligentiam
1004 2290 1089 2321 satis
1113 2289 1216 2329 novi,
1238 2288 1380 2331 aliquot
1403 2295 1527 2323 autem
1550 2289 1644 2322 locis
1667 2287 1819 2322 diversae
1841 2295 1974 2323 notatae
1999 2283 2096 2323 sunt¹
2110 2293 2312 2336 scripturae.

412 2355 605 2398 Pleraeque
631 2350 781 2396 quidem
806 2350 1055 2393 discrepantiae
1079 2348 1273 2383 levissimae
1300 2355 1408 2389 sunt,
1433 2356 1475 2382 ut
1499 2350 1722 2394 perspicitur
1747 2348 1919 2393 exemplo
1943 2348 2103 2386 duorum
2126 2354 2313 2397 capitum5

414 2428 500 2451 nam
515 2412 593 2452 iv,
621 2423 651 2454 1,
683 2423 696 2443 1
724 2421 793 2454 pro
817 2410 979 2444 textilem
1002 2409 1117 2453 fuisse
1141 2412 1182 2442 in
1205 2410 1291 2443 coll.
1314 2408 1436 2442 Haun.
1460 2416 1516 2442 est
1539 2409 1681 2450 textili,
1705 2411 1745 2442 in
1772 2407 1879 2443 Krar.
1903 2408 1995 2444 item
2016 2413 2160 2456 textili,
2182 2423 2311 2448 verum

414 2476 528 2511 verbi*
554 2474 706 2507 omissio
757 2469 875 2514 (quod
904 2472 944 2503 in
975 2476 1083 2503 textu
1114 2469 1288 2503 editionis
1315 2467 1532 2503 conferendi
1566 2479 1675 2503 causa
1707 2467 1888 2504 adhibita:-
1912 2472 2055 2518 exstat)
2095 2484 2172 2507 non
2202 2480 2310 2507 nota-

415 2547 499 2575 tum
549 2533 627 2569 ibd.
656 2542 724 2577 pro
750 2529 976 2564 accusatorie
1000 2529 1098 2575 loqui
1120 2528 1186 2564 Kr.
1214 2539 1234 2562 e
1256 2528 1340 2563 Par.
1365 2530 1596 2563 accusatoria
1618 2530 1739 2575 eloqui
1766 2537 1803 2565 et
1824 2540 1856 2567 c.
1882 2542 1923 2573 2,
1957 2532 1979 2565 3
2007 2532 2138 2567 illaria
2162 2534 2311 2568 civitate

414 2609 483 2644 pro
510 2596 550 2630 in
574 2594 641 2628 illa
666 2593 749 2631 civ„
773 2592 855 2626 coll.
879 2589 1001 2624 Hauu.
1023 2589 1120 2623 nihil
1143 2597 1313 2629 notante3
1338 2589 1356 2632 §
1379 2590 1401 2622 4
1424 2590 1511 2625 coll.
1534 2589 1657 2624 Hauu.
1683 2591 1916 2637 ingenuorum
1944 2599 1992 2636 et,
2013 2592 2205 2626 Praxitele
2227 2596 2311 2636 (etsi

418 2657 533 2693 dubio
562 2653 853 2694 literaeductu),
891 2650 1095 2696 artificum,
1123 2655 1235 2696 atque
1253 2649 1337 2690 ille,
1375 2648 1441 2683 Kr.
1467 2652 1697 2696 ingenuo-mm
1721 2658 1843 2697 atque,
1869 2651 2074 2694 Praxiteli,
2100 2652 2312 2696 artificium,

417 2726 526 2762 atque
549 2718 619 2752 illa
644 2723 710 2749 est.
782 2713 841 2747 Ex
867 2715 1047 2758 proximis
1072 2709 1256 2755 capitibus
1281 2718 1409 2755 praeter
1437 2712 1672 2747 literularum
1703 2712 1951 2748 aberrationes
1985 2712 2059 2746 haec
2081 2719 2188 2747 suut:
2230 2714 2264 2756 5,
2289 2716 2309 2750 5

418 2780 504 2815 coll.
524 2778 643 2813 Haun.
668 2788 711 2809 ac
737 2774 931 2815 basilicas,
964 2772 1071 2807 Krar.
1095 2778 1131 2806 et
1157 2770 1256 2812 bas.,
1285 2772 1317 2813 4,
1342 2772 1363 2805 8
1386 2771 1506 2807 Hauu.
1534 2774 1606 2815 dii,
1640 2773 1704 2808 Kr.
1730 2786 1751 2807 ο
1775 2774 1831 2814 di,
1866 2775 1898 2815 5,
1926 2785 1967 2807 10
1990 2771 2112 2809 Haun.
2135 2786 2204 2809 non
2226 2775 2311 2809 licet

418 2845 543 2877 erant,
580 2837 646 2871 Kr.
671 2849 740 2871 non
765 2827 910 2877 liceret',
951 2837 984 2877 6,
1015 2846 1054 2870 12
1078 2832 1201 2869 Haun.
1218 2832 1360 2880 fuerit,
1408 2832 1470 2869 Kr.
1491 2834 1594 2882 fuit,
1642 2833 1719 2875 ibd.
1747 2830 1870 2871 Hauu·
1893 2832 2043 2870 vendita
2066 2835 2130 2869 sed
2150 2835 2310 2882 rettulit,

414 2901 482 2938 Kr.
504 2899 662 2935 vendita.
