2600 3349
349 216 415 262 20

271 511 607 579 JOANNES
633 520 779 570 BAL
790 520 974 571 TZAR
1005 521 1405 574 Hom-‘BEOK
1439 530 1603 570 nams-
1626 531 1701 570 ese
1722 554 1726 558 -
1744 524 1796 571 in
1822 524 1925 574 ,hac
1955 504 2072 575 urie
2101 529 2179 576 aie
2211 527 2339 576 nono

273 616 450 663 mensis
492 612 724 661 Januarii
778 629 827 660 a.
863 611 1126 661 MDCCG·
1207 614 1413 661 Patrem
1466 612 1639 660 habuit
1688 612 2018 663 christianum
2061 620 2338 674 Hornbeck,

272 702 525 765 vectigalis
580 700 774 746 molarii
820 704 1090 746 exactorem
1104 700 1350 761 ,A-regium,
1415 702 1498 763 qui
1535 708 1755 749 mortuus
1801 710 1903 759 est‚·
1935 714 2125 757 5mater
2162 709 2336 755 Karen

266 790 531 842 Hornbeck
542 823 558 845 ,
601 789 777 852 patrio
809 787 1090 851 cognomine
1125 788 1374 846 B‘o‘nnick,
1415 791 1682 837 etiamnum
1714 790 1849 838 vivit.
1931 795 2068 841 Puer
2099 811 2250 857 quum
2280 798 2334 842 in

264 883 381 930 ludo
406 879 584 943 primoe
615 877 756 925 aetati
775 884 899 940 apto
920 875 1157 924 elementa
1176 877 1433 926 literarum
1455 879 1637 927 discere
1659 879 1906 942 coepisset,
1941 882 2120 930 scholoe
2138 886 2333 932 Metro-

253 971 498 1036 politanae
530 967 745 1015 traditus
778 974 851 1014 est
860 982 882 1026 ;
929 967 1042 1014 inde
1075 967 1483 1021 adacademiam
1516 969 1744 1017 dimissus
1782 979 1856 1018 est
1892 989 1939 1020 a.
1970 974 2337 1033 MDCCGXIX

265 1069 313 1108 et
342 1061 395 1106 in
427 1059 649 1106 examine
662 1092 675 1117 ,
723 1058 857 1119 quod
882 1057 1219 1106 adolescentes
1254 1042 1503 1124 civitatem
1533 1059 1866 1107 academicam
1897 1062 2162 1111 ambientes
2184 1063 2330 1113 sube—

177 1209 181 1213 .
261 1158 376 1205 unt,
426 1146 688 1194 laudabilis
732 1146 1027 1193 declaratus.
1078 1183 1081 1189 .
1112 1148 1351 1194 ·Eundem
1384 1154 1617 1196 eventum
1658 1164 1861 1195 examen
1892 1151 2246 1213 plzilologicum
2282 1162 2331 1198 et

251 1235 649 1302 philosophicum
684 1251 815 1281 anno
843 1236 1067 1297 proximo
1100 1235 1292 1286 habui&
1347 1235 1548 1285 ‘Deinde
1575 1237 1751 1284 studiis
1783 1239 2069 1301 chirurgicis
2095 1248 2144 1287 et
2166 1242 2326 1292 medi-

256 1328 327 1374 cis
359 1343 411 1373 se
443 1324 580 1372 dedit
589 1340 609 1383 ,-
656 1323 914 1371 historiam
953 1324 1232 1372 naturalem
1275 1325 1522 1372 tradentes
1556 1325 1861 1382 Reinbardt,
1909 1327 2324 1387 Hornemannum,

254 1416 328 1467 W
321 1417 393 1463 ad
442 1415 541 1463 iam
594 1422 736 1470 ante,
798 1431 949 1478 quam
988 1413 1172 1462 civibus
1221 1413 1514 1465 academicis¹
1556 1415 1839 1477 adscriptus
1880 1425 1980 1472 est,
2045 1419 2321 1470 audiverat.

248 1507 311 1557 Α.
344 1504 771 1554 MDoeCXXIII
805 1519 973 1551 mense
1000 1503 1172 1565 Aprili
1211 1519 1273 1549 ex
1310 1502 1834 1567 examinevclzinurgico
1866 1505 1940 1551 ita
1969 1506 2210 1569 discessit,
2267 1518 2324 1555 ut

240 1597 412 1659 prima
444 1602 563 1641 nota
595 1610 705 1640 cum
734 1594 999 1655 praecipua
1017 1592 1181 1645 ‚laude
1214 1593 1394 1655 dignu-s
1424 1593 1741 1642 iudicaretur.
1806 1594 1989 1641 Mense
2013 1594 2155 1643 Maio
2185 1598 2322 1645 eius—

243 1687 358 1731 dem
403 1683 524 1729 anni
556 1681 813 1744 chirurgus
846 1682 1072 1745 superior
1099 1681 1289 1740 factus·
1321 1688 1396 1727 est
1427 1680 1614 1728 Dianoe
1625 1714 1642 1737 ,
1702 1681 1845 1729 navis
1877 1684 2041 1746 regioez
2060 1700 2125 1742 ex,
2150 1701 2321 1735 earum

239 1787 431 1837 genere,
447 1781 590 1832 'quas
613 1773 867 1818 Corvettas
889 1769 1163 1831 appellant,
1188 1784 1299 1831 quoe
1317 1777 1423 1816 tum
1443 1770 1517 1815 ad
1527 1770 1725 1818 insulas
1744 1772 1968 1819 Danicas
1983 1774 2147 1819 Indiae
2175 1776 2318 1821 Occi-

231 1860 454 1909 dentalis
469 1858 764 1906 mittebatur.
834 1859 887 1907 E
908 1872 1012 1920 quo·
1037 1857 1211 1904 itinere
1235 1873 1383 1920 quum
1407 1873 1571 1904 mense
1586 1858 1816 1921 Augusto
1832 1876 1879 1907 a.
1899 1861 2317 1913 MDoeOXXW

241 1950 469 2008 redisset,
536 1957 700 1993 mense
741 1945 1016 1993 Februario
1050 1945 1269 2006 proximi
1304 1945 1424 1991 anni
1466 1946 1535 1996 in,
1561 1947 1784 1992 examine
1821 1950 2007 1994 medico
2047 1950 2312 2011 laudabilis

238 2038 480 2085 iudicatus
518 2043 601 2082 est.
696 2034 932 2082 Eiusdem
965 2032 1088 2079 anni
1118 2032 1298 2079 mensis
1326 2031 1547 2096 Augusti
1575 2032 1656 2079 die
1694 2035 1929 2090 secundo,
1977 2042 2033 2081 ut
2064 2036 2310 2087 licentiam

240 2143 452 2174 summos
486 2126 537 2171 in
569 2125 809 2172 medicina
841 2122 1050 2169 honores
1082 2123 1372 2185 capessendi
1402 2123 1788 2185 consequeretur,
1815 2123 2013 2184 publice
2034 2127 2108 2171 ad
2133 2126 2309 2187 dispu-

238 2217 444 2263 tandum
478 2213 743 2277 proposuit
775 2229 808 2259 a
842 2228 895 2259 se
928 2211 1086 2257 editas
1117 2210 1460 2279 Annotationes
1492 2213 1543 2259 in
1576 2213 1920 2273 dysenteriam,
1986 2230 2093 2261 cum
2127 2216 2310 2265 deseri-

232 2308 400 2369 ptione
441 2304 687 2364 epidemiae
724 2301 901 2349 navalis
944 2301 1084 2348 huius
1119 2302 1276 2349 morbi
1307 2303 1358 2348 in
1389 2300 1526 2348 India
1557 2299 1836 2348 occidentali
1867 2301 2139 2351 observatae.
2203 2305 2305 2354 Die

230 2395 368 2443 sexto
409 2390 589 2439 mensis
623 2389 918 2452 Septembris
962 2389 1177 2437 eiusdem
1224 2391 1345 2437 anni
1387 2388 1574 2452 nuptiis
1606 2388 1698 2434 sibi
1729 2388 1887 2436 iunxit
1920 2391 2156 2440 Lovisam
2189 2394 2304 2443 Eli.-

229 2501 337 2532 sam
390 2478 728 2543 Yugendreich
773 2477 1041 2537 Gouentius
1050 2511 1067 2535 ,
1133 2480 1270 2527 cuius
1316 2476 1487 2541 pater¹
1508 2477 1724 2524 medicus
1768 2479 2070 2543 Siramporoe
2099 2482 2298 2541 fuerat.

226 2574 413 2621 Eodem
445 2585 611 2617 mense
643 2568 714 2613 ad
743 2566 956 2612 insulam
991 2567 1161 2614 Sancti
1187 2567 1394 2614 Ioannis
1437 2566 1489 2612 in
1512 2567 1671 2613 ‘India
1701 2569 2001 2627 ,occidentali
2035 2570 2299 2630 profectus

225 2670 328 2716 est,
372 2668 427 2706 ut
460 2667 619 2705 artem
650 2656 720 2703 ibi
737 2662 998 2716 exerceret.
1061 2655 1209 2704 Anno
1243 2652 1629 2704 MDCCOXXV
1626 2656 1663 2702 I
1689 2672 1837 2718 quum
1859 2657 2100 2721 physicus
2131 2661 2297 2724 regius

219 2748 396 2796 insuloe
428 2747 599 2795 Sancti
634 2746 860 2804 Thomoe,
888 2743 1043 2791 Block·
1053 2777 1072 2799 ,
1125 2753 1347 2791 mortuus
1381 2751 1533 2799 esset,
1583 2746 1804 2807 primum
1837 2747 1909 2791 ad
1940 2747 2045 2793 eius
2077 2750 2293 2795 muneris

215 2836 566 2902 temporariam
590 2832 1062 2883 administrationem
1093 2844 1293 2882 vocatus
1327 2835 1491 2881 sedem
1525 2850 1666 2881 suam
1693 2835 1745 2881 in
1777 2835 1989 2884 insulam
2025 2838 2127 2884 Scti
2159 2837 2292 2887 leo-
